% This is part of the LANGuage IDentification.
% Copyright (C) 2024
%   Jo√£o Augusto Costa Branco Marado Torres
% See the file ./paper.tex for copying conditions.
@book{bishop,
    title = {Pattern Recognition and Machine Learning},
    author = {Christopher M. Bishop},
    isbn = {9780387310732},
    year = {2006},
    publisher ={Springer}
}
